<?xml version="1.0" encoding="UTF-8"?><collection xmlns="http://www.loc.gov/MARC21/slim"><record><leader>00662nam--2200229-u-4500</leader><controlfield tag="001">000050419</controlfield><controlfield tag="002">20161230</controlfield><controlfield tag="003">81820</controlfield><controlfield tag="005">20161230201048</controlfield><controlfield tag="008">070315s1000------------r-----000-0-eng-d</controlfield><datafield ind1=" " ind2=" " tag="020"><subfield code="a">3540589635</subfield></datafield><datafield ind1=" " ind2=" " tag="040"><subfield code="a">IFIN-HH</subfield></datafield><datafield ind1=" " ind2=" " tag="080"><subfield code="a">521.3:531.3:517.938</subfield></datafield><datafield ind1="1" ind2=" " tag="100"><subfield code="a">Boccaletti</subfield></datafield><datafield ind1="1" ind2="0" tag="245"><subfield code="a">Theory of orbits</subfield><subfield code="b">Vol. 1: integrable systems and non-perturbative methods</subfield><subfield code="c">D. boccaletti, g. pucacco</subfield></datafield><datafield ind1=" " ind2=" " tag="260"><subfield code="a">Berlin</subfield><subfield code="b">Springer</subfield><subfield code="c">1996</subfield></datafield><datafield ind1=" " ind2=" " tag="300"><subfield code="a">392 p</subfield></datafield><datafield ind1=" " ind2=" " tag="490"><subfield code="a">Astronomy And Astrophysics Library</subfield></datafield><datafield ind1=" " ind2=" " tag="504"><subfield code="a">Includes Subject Index. With 71 Figures</subfield></datafield><datafield ind1="1" ind2=" " tag="700"><subfield code="a">Pucacco, G</subfield></datafield><datafield ind1=" " ind2=" " tag="852"><subfield code="a">81820</subfield><subfield code="c">521/522</subfield></datafield><datafield ind1=" " ind2=" " tag="CAT"><subfield code="a">Sys</subfield><subfield code="c">20130827</subfield><subfield code="h">165544</subfield></datafield></record></collection>